@article{platt1964strong,
  author    = {Platt, John R},
  journal   = {science},
  number    = {3642},
  pages     = {347--353},
  publisher = {American Association for the Advancement of Science},
  title     = {Strong Inference: Certain systematic methods of scientific thinking may produce much more rapid progress than others.},
  volume    = {146},
  year      = {1964}
}
